@online{TaxulatorDemo,
author = {Taxulator},
title = {Project Demo Website},
url = {http://mytax1.kb-projects.com/index.html}
}
@online{Sandbox,
author = {Sandbox},
title = {Query Testing Website},
url = {http://mytax1.kb-projects.com/Sandbox/sandbox.php}
}
@online{ERDPlus,
author = {ERDPlus},
title = {Schema Generator},
url = {https://erdplus.com/}
}
@online{FillDB,
author = {FillDB},
title = {Data Generation Software},
url = {http://filldb.info/}
}
@online{Trello,
author = {Trello},
title = {Project Management Software},
url = {https://trello.com/}
}
@online{AdobeXD,
author = {Adobe XD},
title = {Application Prototyping Software},
url = {https://www.adobe.com/products/xd.html}
}
@online{GitHub,
author = {GitHub},
title = {Version Control Software},
url = {https://github.com/}
}
@online{phpMyAdmin,
author = {phpMyAdmin},
title = {},
url = {https://www.phpmyadmin.net/}
}
@online{Illustrator,
author = {Illustrator},
title = {},
url = {https://www.adobe.com/products/illustrator.html}
}
@online{InDesign,
author = {InDesign},
title = {Design and Presentation Software},
url = {https://www.adobe.com/products/indesign.html}
}
@online{GDocs,
author = {Google Docs},
title = {Collaborative Documentation Software},
url = {https://www.google.com/docs/about/}
}
@online{Workbench,
author = {MySQL Workbench},
title = {Placeholder},
url = {https://www.mysql.com/products/workbench/}
}
@online{VSCode,
author = {Visual Studio Code},
title = {Editor},
url = {https://code.visualstudio.com/}
}
@online{TaxulatorCode,
author = {Taxulator Code},
title = {GitHub Repository},
url = {https://github.com/elishacoad/taxulator}
}
@online{Bootstrap,
author = {Bootstrap},
title = {CSS Framework},
url = {https://getbootstrap.com/}
}
@online{PDF-LIB,
author = {PDF-LIB},
title = {Javascript PDF Generator},
url = {https://pdf-lib.js.org/}
}